@book{book:financial_market,
  Author = {Romanov V.P.},
  Title = {Information technology modeling of financial markets - (Applied Information Technology) / Informatsionnye tekhnologii modelirovaniya finansovykh rynkov - ("Prikladnye informatsionnye tekhnologii")},
  Publisher = {Finansy i statistika},
  Year = {2010},
  ISBN = {5279034444},
  URL = {https://www.amazon.com/Information-technology-modeling-financial-markets/dp/5279034444?SubscriptionId=0JYN1NVW651KCA56C102&tag=techkie-20&linkCode=xm2&camp=2025&creative=165953&creativeASIN=5279034444}
}
@article{article:text_mining,
	author = {K. L. Sumathy and M. Chidambaram},
	title = {Article: Text Mining: Concepts, Applications, Tools and Issues â€” An Overview},
	journal = {International Journal of Computer Applications},
	year = {2013},
	volume = {80},
	number = {4},
	pages = {29-32},
	month = {October},
	note = {Full text available}
}